<?xml version="1.0" encoding="UTF-8"?><collection xmlns="http://www.loc.gov/MARC21/slim"><record><leader>00591nam--2200193-i-4500</leader><controlfield tag="001">000014962</controlfield><controlfield tag="002">20161230</controlfield><controlfield tag="005">20161230201031</controlfield><controlfield tag="008">060222s1000------------r-----000-0-eng-d</controlfield><datafield ind1=" " ind2=" " tag="040"><subfield code="a">IFIN-HH</subfield></datafield><datafield ind1=" " ind2=" " tag="080"><subfield code="a">539.142.2(083)</subfield></datafield><datafield ind1="1" ind2=" " tag="100"><subfield code="a">Brody, T.A</subfield></datafield><datafield ind1="1" ind2="0" tag="245"><subfield code="a">Tables of transformation brackets for nuclear shell-model calculations. second edition</subfield><subfield code="c">T.a. brody, m. moshinscky</subfield></datafield><datafield ind1=" " ind2=" " tag="250"><subfield code="a">Second Edition</subfield></datafield><datafield ind1=" " ind2=" " tag="260"><subfield code="a">New York</subfield><subfield code="b">Gordon And Breach Science Publischers</subfield><subfield code="c">1967</subfield></datafield><datafield ind1=" " ind2=" " tag="300"><subfield code="a">LXXIII + 175 P</subfield></datafield><datafield ind1="1" ind2=" " tag="700"><subfield code="a">Moshinscky, M</subfield></datafield><datafield ind1=" " ind2=" " tag="852"><subfield code="a">17462</subfield><subfield code="c">53.081</subfield></datafield><datafield ind1=" " ind2=" " tag="CAT"><subfield code="a">Sys</subfield><subfield code="c">20160324</subfield><subfield code="h">140825</subfield></datafield></record></collection>